<record><leader>00000cas a22000007a 4500</leader><controlfield tag="001">19280976</controlfield><controlfield tag="008">890228d19781979couwr ne      0    0eng d</controlfield><datafield ind1=" " ind2=" " tag="010"><subfield code="a">sn 89052016 </subfield></datafield><datafield ind1=" " ind2=" " tag="040"><subfield code="a">CNQ</subfield><subfield code="b">eng</subfield><subfield code="c">CNQ</subfield><subfield code="d">OCLCQ</subfield></datafield><datafield ind1=" " ind2=" " tag="042"><subfield code="a">msc</subfield></datafield><datafield ind1="0" ind2="0" tag="245"><subfield code="a">Commerce City news/almanac.</subfield></datafield><datafield ind1=" " ind2=" " tag="260"><subfield code="a">Commerce City, Colo. :</subfield><subfield code="b">Cliff Bautsch</subfield></datafield><datafield ind1=" " ind2=" " tag="300"><subfield code="a">v.</subfield></datafield><datafield ind1=" " ind2=" " tag="310"><subfield code="a">Weekly</subfield></datafield><datafield ind1="0" ind2=" " tag="362"><subfield code="a">Vol. 31, no. 49 (Feb. 16, 1978)-v. 33, no. 50 (Feb. 22, 1979).</subfield></datafield><datafield ind1=" " ind2=" " tag="530"><subfield code="a">Available on microfilm from the Colorado Historical Society.</subfield></datafield><datafield ind1=" " ind2=" " tag="752"><subfield code="a">United States</subfield><subfield code="b">Colorado</subfield><subfield code="c">Adams</subfield><subfield code="d">Commerce City.</subfield></datafield><datafield ind1="0" ind2="0" tag="780"><subfield code="t">Commerce City news</subfield><subfield code="w">(DLC)sn 89052015</subfield></datafield><datafield ind1="0" ind2="0" tag="785"><subfield code="t">Commerce City sentinel</subfield><subfield code="w">(DLC)sn 89052017</subfield></datafield></record>